@Manual{R,
    title = {R: A Language and Environment for Statistical Computing},
    author = {{R Core Team}},
    organization = {R Foundation for Statistical Computing},
    address = {Vienna, Austria},
    year = {2020},
    url = {https://www.R-project.org/},
  }
  
@Article{tidyverse,
    title = {Welcome to the {tidyverse}},
    author = {Hadley Wickham and Mara Averick and Jennifer Bryan and Winston Chang and Lucy D'Agostino McGowan and Romain François and Garrett Grolemund and Alex Hayes and Lionel Henry and Jim Hester and Max Kuhn and Thomas Lin Pedersen and Evan Miller and Stephan Milton Bache and Kirill Müller and Jeroen Ooms and David Robinson and Dana Paige Seidel and Vitalie Spinu and Kohske Takahashi and Davis Vaughan and Claus Wilke and Kara Woo and Hiroaki Yutani},
    year = {2019},
    journal = {Journal of Open Source Software},
    volume = {4},
    number = {43},
    pages = {1686},
    doi = {10.21105/joss.01686},
  }

@Manual{docopt,
    title = {docopt: Command-Line Interface Specification Language},
    author = {Edwin {de Jonge}},
    year = {2020},
    note = {R package version 0.7.1},
    url = {https://CRAN.R-project.org/package=docopt},
  }
  
@Manual{GGally,
    title = {GGally: Extension to 'ggplot2'},
    author = {Barret Schloerke and Di Cook and Joseph Larmarange and Francois Briatte and Moritz Marbach and Edwin Thoen and Amos Elberg and Jason Crowley},
    year = {2020},
    note = {R package version 2.0.0},
    url = {https://CRAN.R-project.org/package=GGally},
  }
  
@Manual{ggthemes,
    title = {ggthemes: Extra Themes, Scales and Geoms for 'ggplot2'},
    author = {Jeffrey B. Arnold},
    year = {2019},
    note = {R package version 4.2.0},
    url = {https://CRAN.R-project.org/package=ggthemes},
  }

@Manual{here,
    title = {here: A Simpler Way to Find Your Files},
    author = {Kirill Müller},
    year = {2020},
    note = {R package version 1.0.0},
    url = {https://CRAN.R-project.org/package=here},
  }


@Manual{janitor,
    title = {janitor: Simple Tools for Examining and Cleaning Dirty Data},
    author = {Sam Firke},
    year = {2020},
    note = {R package version 2.0.1},
    url = {https://CRAN.R-project.org/package=janitor},
  }
  
@Article{dataMaid,
    title = {{dataMaid}: Your Assistant for Documenting Supervised Data Quality Screening in {R}},
    author = {Anne Helby Petersen and Claus Thorn Ekstr{\o}m},
    journal = {Journal of Statistical Software},
    year = {2019},
    volume = {90},
    number = {6},
    pages = {1--38},
    doi = {10.18637/jss.v090.i06},
  }
  
@Manual{cowplot,
    title = {cowplot: Streamlined Plot Theme and Plot Annotations for 'ggplot2'},
    author = {Claus O. Wilke},
    year = {2020},
    note = {R package version 1.1.0},
    url = {https://CRAN.R-project.org/package=cowplot},
  }
  
@Manual{ggpubr,
    title = {ggpubr: 'ggplot2' Based Publication Ready Plots},
    author = {Alboukadel Kassambara},
    year = {2020},
    note = {R package version 0.4.0},
    url = {https://CRAN.R-project.org/package=ggpubr},
  }

@Manual{dplyr,
    title = {dplyr: A Grammar of Data Manipulation},
    author = {Hadley Wickham and Romain François and Lionel {
             Henry} and Kirill Müller},
    year = {2020},
    note = {R package version 1.0.2},
    url = {https://CRAN.R-project.org/package=dplyr},
  }

@online{US_voter_turnout,
  title = "Voter Turnout Is Substantially Higher in Battleground States than Spectator States",
  year = 2020,
  url = {https://www.nationalpopularvote.com/sites/default/files/npv-voter-turnout-memo-v9-2020-5-9.pdf}
}

@online{BC_elections_license,
  title = "Elections BC Open Data Licence",
  url = {https://www.elections.bc.ca/docs/EBC-Open-Data-Licence.pdf}
}

@online{pvp,
  title = "provincial_voter_participation_by_age_group",
  year = 2018,
  url = {https://catalogue.data.gov.bc.ca/dataset/6d9db663-8c30-43ec-922b-d541d22e634f/resource/646530d4-078c-4815-8452-c75639962bb4}
}

@online{pvr,
  title = "provincial_voting_results",
  year = 2018,
  url = {https://catalogue.data.gov.bc.ca/dataset/44914a35-de9a-4830-ac48-870001ef8935/resource/fb40239e-b718-4a79-b18f-7a62139d9792}
}

@Manual{httr,
    title = {httr: Tools for Working with URLs and HTTP},
    author = {Hadley Wickham},
    year = {2020},
    note = {R package version 1.4.2},
    url = {https://CRAN.R-project.org/package=httr},
}

@Article{testthat,
    author = {Hadley Wickham},
    title = {testthat: Get Started with Testing},
    journal = {The R Journal},
    year = {2011},
    volume = {3},
    pages = {5--10},
    url = {https://journal.r-project.org/archive/2011-1/RJournal_2011-1_Wickham.pdf},
}
  
@Manual{stringr,
    title = {stringr: Simple, Consistent Wrappers for Common String Operations},
    author = {Hadley Wickham},
    year = {2019},
    note = {R package version 1.4.0},
    url = {https://CRAN.R-project.org/package=stringr},
}
  
@Manual{broom,
    title = {broom: Convert Statistical Objects into Tidy Tibbles},
    author = {David Robinson and Alex Hayes and Simon Couch},
    year = {2020},
    note = {R package version 0.7.0},
    url = {https://CRAN.R-project.org/package=broom},
}

@Manual{tidyr,
    title = {tidyr: Tidy Messy Data},
    author = {Hadley Wickham},
    year = {2020},
    note = {R package version 1.1.2},
    url = {https://CRAN.R-project.org/package=tidyr},
}

 @Manual{knitr,
    title = {knitr: A General-Purpose Package for Dynamic Report Generation in R},
    author = {Yihui Xie},
    year = {2020},
    note = {R package version 1.29},
    url = {https://yihui.org/knitr/},
}
